@article{sirlopu2016deteccion,
  title={Detecci{\'o}n autom{\'a}tica de caries utilizando reconocimiento de patrones en placas radiogr{\'a}ficas},
  author={Sirlop{\'u} Chancafe, Rai Jacinto and Mazabel Quijandr{\'\i}a, Guillermo Andree},
  year={2016},
  journal="Repositorio Institucional",
  publisher={Universidad Se{\~n}or de Sip{\'a}n}
}


@article{mundaca2016deteccion,
  title={Detecci{\'o}n de caracteres de placas de autom{\'o}viles mediante t{\'e}cnicas de visi{\'o}n artificial},
  author={Mundaca Vidarte, George Antonio},
  year={2016},
  journal={Repositorio Nacional de Trabajos de Investigaci{\'o}n ({RENATI})},
  publisher={Universidad de Piura}
}

@mastersthesis{caiza2016diseno,
  title={Dise{\~n}o de una aplicaci{\'o}n interactiva que permita asistir al conductor en el reconocimiento de se{\~n}ales de tr{\'a}nsito mediante procesamiento de im{\'a}genes utilizando software libre y tecnolog{\'\i}a Beaglebone.},
  author={Caiza Andrango, Luis Ernesto},
  type={{B.S.} thesis},
  year={2016},
  school={Universidad de las Fuerzas Armadas ESPE Extensi{\'o}n Latacunga. Carrera de Ingenier{\'\i}a en Electr{\'o}nica e Instrumentaci{\'o}n.}
}


@article{ChavezAlex,
  title={Algoritmo que permite el ingreso de veh{\'i}culos a una v{\'i}a de alto tr{\'a}fico y doble sentido, basado en procesamiento de im{\'a}genes},
  author={Ch{\'a}vez C{\'o}rdova, Alex Santos},
  year={2011},
  journal={Repositorio Nacional de Trabajos de Investigaci{\'o}n ({RENATI})},
  publisher={Universidad Cat{\'o}lica del Per{\'u}}
}

@article{salazar2015desarrollo,
  title={Desarrollo de una algoritmo para la localizaci{\'o}n autom{\'a}tica de placas vehiculares peruanas usando t{\'e}cnicas de procesamiento de im{\'a}genes},
  author={Salazar M{\'a}rquez, Marcio Boris},
  year={2015},
  journal={Repositorio Nacional de Trabajos de Investigaci{\'o}n ({RENATI})},
  publisher={Pontificia Universidad Cat{\'o}lica del Per{\'u}}
}

@article{ayunque, 
	title={Dise{\~n}o de un sistema de clasificaci{\'o}n de se{\~n}ales de tr{\'a}nsito vehicular utilizando redes neuronales convolucionales }, 			    author={Ayunque Arenas, Kevin Jose}, 
	year={2014}, 
	journal={Repositorio Nacional de Trabajos de Investigaci{\'o}n ({RENATI})}, 
	publisher={Universidad San Ignacio de Loyola }
}
	
@article{diazrojas, 
	title={ Localizaci{\'o}n y reconocimiento autom{\'a}tico del n{\'u}mero de placa de un autom{\'o}vil }, 
	author={Diaz Rojas, Kristians Edgardo }, 
	year={2006}, 
	journal={Repositorio Nacional de Trabajos de Investigaci{\'o}n ({RENATI})},
	publisher={Pontificia Universidad Cat{\'o}lica del Per{\'u} }
}

@article{carranzahernandez, 
	title={ Implementaci{\'o}n de un sistema de informaci{\'o}n para el reconocimiento de caracteres basado en la red neuronal perceptr{\'o}n }, 	    		author={Carranza Hern{\'a}ndez, Sammy Nah{\'i}n }, 
	year={2014}, 
	journal={Repositorio Nacional de Trabajos de Investigaci{\'o}n ({RENATI})},
	publisher={Pontificia Universidad Cat{\'o}lica del Per{\'u} }
}

@article{camposaquino, 
	title={Propuesta de m{\'e}todo de reconocimiento de im{\'a}genes para la identificaci{\'o}n del melanoma humano}, 
	author={Campos Aquino. Diego Alberto And Mundaca Arriola, Luis Andre Nazareth }, 
	year={2016}, 
	journal={Repositorio Nacional de Trabajos de Investigaci{\'o}n ({RENATI})},
	publisher={Universidad Se{\~n}or de Sip{\'a}n}}
}

@article{arriagaGarcia, 
	title={Detecci{\'o}n y reconocimiento de se{\~n}ales de tr{\'a}nsito utilizando Matching de Chamfer }, 
	author={Arriaga Garc{\'i}a, Cristi{\'a}n and Aracena Pizarro, Diego}, 
	year={2006}, 
	journal={Ingeniare, Revista Chilena de Ingenier{\'i}a},
	publisher={}
}

@article{regueiro, 
	title={Modelo B{\'a}sicos de Redes Neuronales}, 
	author={Carlos V., Regueiro}, 
	year={1995}, 
	journal={Universidad de Santiago de Compostela}
}

@book{hilera_gonzales,
  title={Redes neuronales artificiales: fundamentos, modelos y aplicaciones.},
  author={J. R. hilera Gonzales, V. J. Martinez Hernando},
  year={1995},
  publisher={RA-MA (España)}
}

@book{Isasi,
  title={Redes neuronales artificiales: Un enfoque Pr{\'a}ctico.},
  author={Pedro Isasi Viñuela, Inés M. Galván León},
  year={2004},
  publisher={Pearson Educacion S. A. (España)}
}

@book{serrano,
  title={Redes neuronales Artificiales},
  author={Antonio J. Serrano, Emilio soria, jose D. Martin},
  year={2009},
  publisher={Open Course Ware (España)}
}

@misc{dextre2012senalizacion,
  title={La Se{\~n}alizaci{\'o}n Vial: de los conceptos a la pr{\'a}ctica},
  author={DEXTRE, Juan},
  year={2012},
  publisher={Lima},
  howpublished = "url:{http://sindominio.net/ash}",
  urldate = {01-10-2013}
}

@article{emiliano, 
	title={Introducci{\'o}n al reconocimiento de patrones mediante redes neuronales}, 
	author={Emiliano, Aldabas Rubira}, 
	year={2000}, 
	publisher={UPC Campus Terrassa-DEE-EUETIT Colombia}
}





@article{palomino2009tecnicas,
  title={T{\'e}cnicas de segmentaci{\'o}n en procesamiento digital de im{\'a}genes},
  author={Palomino, Nora La Serna and Concha, Ulises Norberto Rom{\'a}n},
  journal={Revista de investigaci{\'o}n de Sistemas e Inform{\'a}tica},
  volume={6},
  number={2},
  pages={9--16},
  year={2009}
}

@article{elizondo2002fundamentos,
  title={Fundamentos de procesamiento de im{\'a}genes},
  author={Elizondo, JJ Esqueda and Maestre, LE Palafox},
  journal={Documentaci{\'o}n Universidad Aut{\'o}noma de Baja California, Unidad Tijuana},
  year={2002}
}
